@misc{gonganbu2022, 
    title = {我国驾驶人迅速增长年均增加 2500 万人驾驶人总量超 5 亿位居世界第一}, 
    author = {{中华人民共和国公安部}},
    year = {2022}, 
    howpublished = {\url{https://app.mps.gov.cn/gdnps/pc/content.jsp?id=8794518}} 
}

@article{Koul2022,
    author = {Koul, Ajay and Altaf, Insha},
    year = {2022},
    month = {06},
    pages = {},
    title = {Vehicular adhoc network‐traffic safety management approach: A traffic safety management approach for smart road transportation in vehicular ad hoc networks},
    volume = {35},
    journal = {International Journal of Communication Systems},
    doi = {10.1002/dac.5132}
}

@article{song2021, 
    author = {宋刘艳 and 骆骁 and 邓丽莉}, 
    title = {车联网发展现状及建设模式分析}, 
    journal = {图书情报导刊}, 
    year = {2021}, 
    volume = {6}, 
    number = {03}, 
    pages = {73-77} 
}

@article{liu2023, 
    author = {刘媛妮 and 李奕 and 陈山枝}, 
    title = {基于区块链的车联网安全综述}, 
    journal = {中国科学: 信息科学}, 
    year = {2023}, 
    volume = {53}, 
    number = {05}, 
    pages = {841-877} 
}

@article{dorri2017, 
    author={A. Dorri and M. Steger and S. Kanhere and et al.}, 
    title={Blockchain: A distributed solution to automotive security and privacy}, 
    journal={IEEE Communications Magazine}, 
    volume={55}, 
    number={12}, 
    pages={119--125}, 
    year={2017}, 
    doi={10.1109/MCOM.2017.1700879} 
}

@article{nakamoto2008,
    author = {S. Nakamoto}, 
    title = {Bitcoin: A Peer-to-Peer Electronic Cash System},
    year = {2009},
    month = {03},
    journal = {Cryptography Mailing list at https://metzdowd.com}
}

@mastersthesis{xue2020, 
    title={云环境中数据安全存储关键技术研究}, 
    author={薛婧婷}, 
    school={电子科技大学}, 
    year={2020}, 
    doi={10.27005/d.cnki.gdzku.2020.004712} 
}

@article{sun2018, 
    title={区块链技术的发展及应用}, 
    author={孙士奇}, 
    journal={信息系统工程}, 
    year={2018}, 
    number={298}, 
    volume={10}, 
    pages={85-86+88} 
}

@article{alladi2022, 
    author={T. Alladi and V. Chamola and N. Sahu and V. Venkatesh and A. Goyal and M. Guizani},
    title={A Comprehensive Survey on the Applications of Blockchain for Securing Vehicular Networks}, 
    journal={IEEE Communications Surveys and Tutorials}, 
    year={2022}, 
    volume={24}, 
    pages={1212-1239},
    doi = {10.1109/COMST.2022.3160925}
}

@article{ibrahim2022,
    author={M. Ibrahim and Y. Lee and H.K. Kahng and S. Kim and D.H. Kim}, 
    title={Blockchain-based parking sharing service for smart city development}, 
    journal={Computers and Electrical Engineering}, 
    year={2022}, 
    volume={103}, 
    pages={108267} 
}

@article{zhou2022, 
    author={C. Zhou and H. Lu and Y. Xiang and et al.}, 
    title={Geohash-Based Rapid Query Method of Regional Transactions in Blockchain for Internet of Vehicles}, 
    journal={Sensors}, 
    year={2022}, 
    volume={22}, 
    pages={8885}, 
    doi = {10.3390/s22228885}
}

@inproceedings{liu2014, 
    author={J. Liu and H. Li and G. Yong and et al.}, 
    title={A geohash-based index for spatial data management in distributed memory}, 
    booktitle={International Conference on Geoinformatics}, 
    year={2014} 
}

@article{szabo1997, 
    author={N. Szabo}, 
    title={Formalizing and Securing Relationships on Public Networks}, 
    journal={First Monday}, 
    year={1997}, 
    volume={2}, 
    doi = {10.5210/fm.v2i9.548}
}

@inproceedings{atzei2017, 
    author={N. Atzei and M. Bartoletti and T. Cimoli}, 
    title={A Survey of Attacks on Ethereum Smart Contracts (SoK)}, 
    booktitle={Principles of Security and Trust}, 
    year={2017}, 
    pages={164-186}, 
    address={Berlin, Heidelberg} 
}

@article{xia2022, 
    title={基于智能合约的知识产权数字化交易信任机制探析}, 
    author={夏轶群 and 张梦瑶}, 
    journal={科技管理研究}, 
    year={2022}, 
    volume={42}, 
    number={09}, 
    pages={152-161} 
}

@article{ouyang2019, 
    title={智能合约: 架构及进展}, 
    author={欧阳丽炜 and 王帅 and 袁勇 and et al.},
    journal={自动化学报}, 
    year={2019}, 
    volume={45}, 
    number={03}, 
    pages={445-457}, 
    doi={10.16383/j.aas.c180586} 
}